@article{astrom1984645,
title = "Automatic tuning of simple regulators with specifications on phase and amplitude margins",
journal = "Automatica",
volume = "20",
number = "5",
pages = "645 - 651",
year = "1984",
note = "",
issn = "0005-1098",
doi = "DOI: 10.1016/0005-1098(84)90014-1",
url = "http://www.sciencedirect.com/science/article/pii/0005109884900141",
author = "{\AA}str{\"o}m, Karl Johan  and H{\"a}gglund, Tore",
keywords = "Adaptive control",
keywords = "control nonlinearities",
keywords = "describing function",
keywords = "identification",
keywords = "limit cycles",
keywords = "Nyquist criterion",
keywords = "PID control",
keywords = "relay control"
}

@article{astrom20011163,
title = "The future of PID control",
journal = "Control Engineering Practice",
volume = "9",
number = "11",
pages = "1163 - 1175",
year = "2001",
note = "",
issn = "0967-0661",
doi = "DOI: 10.1016/S0967-0661(01)00062-4",
url = "http://www.sciencedirect.com/science/article/pii/S0967066101000624",
author = "{\AA}str{\"o}m, Karl Johan  and H{\"a}gglund, Tore",
keywords = "PID control",
keywords = "Stability",
keywords = "Performance",
keywords = "Application",
keywords = "Design",
keywords = "Tuning"
}


@Misc{Mercurial,
  Author = {Matt Mackall},
  Title = {Mercurial},
  Url = {http://mercurial.selenic.com/},
  Urlaccessdate = {05/07/2011}
}

@Misc{Python,
  Author = {Guido van Rossum},
  Organization = {Python Software Foundation},
  Title = {Python Programming Language},
  Url = {http://python.org/},
  Urlaccessdate = {05/07/2011}
}

@Misc{GPL-2,
  Organization = {Free Software Foundation},
  Title = {GNU General Public License, version 2},
  Year = {1991},
  Url = {http://www.gnu.org/licenses/gpl-2.0.html},
  Urlaccessdate = {05/07/2011}
}

@Book{Alfaro2,
  author = {Alfaro, V.M.},
  title =  {Apuntes del curso IE-432 – Laboratorio de Control Automático},
  publisher = {Escuela de Ingeniería Eléctrica, Universidad de Costa Rica},
  address = {San José, Costa Rica},
  year = {1998},
}

@Book{Bouamama,
  author = {Bouamama, B.O.},
  title = {La régulation automatique},
  publisher = {Ecole Universitaire D’Ingénieurs de Lille (ECUDIL), France},
  year = {1998},
}

@InProceedings{ChenYang,
  author = "Chen, C.L. and S.F. Yang",
  address = "Terrassa, Spain",
  booktitle = "Preprints of IFAC Workshop on Digital Control -- Past, present, and future of {PID} Control",
  title = "Benchmark systems for {PID} control",
  year = {2000}
}

@Book{Ho,
  author = {Ho, W.K. and C.C. Hang and L.S. Cao},
  title = {Tuning PID Controllers Based on Gain and Phase Margin specifications},
  publisher =-{Automatica (UK)},
  volume = {31},
  number = {3},
  pages = {497-502},
  year = {1995},
}

@Book{Nishikawa,
  author = {Nishikawa, Y. and N. Sannomiya and T. Ohta and H. Tanaka},
  title = {A Method for Auto-Tuning of PID Controller Parameters},
  publisher = {Automatica (UK)},
  volume = {20},
  number = {3},
  pages = {321-332},
  year = {1984},
}

@Article{Smith,
  author = {Smith, C.L.},
  title = {Digital Computer Process Control},
  address = {Scranton, Pa., EUA},
  journal = {International Textbook Co.},
  year = {1972},
}

@InProceedings{Viteckova,
  author = "Viteckov\'a, M. and A. Viecek and L. Smitny",
  address = "Terrassa, Spain",
  booktitle = "IFAC Workshop on Digital Control -- Past, present, and future of {PID} Control",
  title = "Benchmark systems for {PID} control",
  year = {2000}
}

@Article{cobenge,
  author = {Hélvia Hortência Barcelos Carvalho and Francisco José Gomes},
  booktitle = {Anais do XXXIV Congresso Brasileiro de Ensino de Engenharia},
  title = {Educação em controle e automação em ambiente adverso: estudo de caso de uma experiëncia tutorial},
  year = {2006},
}

@ARTICLE{5725235, 
  author={Millman, K. Jarrod and Aivazis, Michael}, 
  journal={Computing in Science Engineering}, title={Python for Scientists and Engineers}, 
  year={2011}, 
  month={march-april }, 
  volume={13}, 
  number={2}, 
  pages={9 -12}, 
  keywords={}, 
  doi={10.1109/MCSE.2011.36}, 
  ISSN={1521-9615},
}

@ARTICLE{4160249, 
 author={Dubois, Paul F.}, 
 journal={Computing in Science Engineering}, title={Guest Editor's Introduction: Python: Batteries Included}, 
 year={2007}, 
 month={may-june }, 
 volume={9}, 
 number={3}, 
 pages={7 -9}, 
 keywords={}, 
 doi={10.1109/MCSE.2007.51}, 
 ISSN={1521-9615},
}

@Book{Dwyer,
  Author         = {Aidan O'Dwyer},
  Title          = {Handbook of PI and PID Controller Tuning Rules},
  Publisher      = {Imperial College Press},
  Year           = {2006},
  Edition        = {2nd},
}

@Article{ZieglerNicholsAsme,
  author = {Ziegler, J. B. and Nichols, N. B.},
  title = {Optimum settings for automatic controls},
  journal = {ASME Transactions},
  volume = {64},
  pages = {759-768},
}

@Article{248006,
  author = {Bennett, S.},
  journal = {Control Systems, IEEE},
  title = {Development of the PID controller},
  year = {1993},
  month = {dec},
  volume = {13},
  number = {6},
  pages = {58 -62, 64-5},
  keywords = {Foxboro Instrument Company;Fulscope pneumatic controller;Hyper-reset;PID controller;Stabilog pneumatic controller;Taylor Instrument Companies;development history;error signal;pre-act;proportional-reset control;controllers;history;three-term control;},
  doi = {10.1109/37.248006},
  ISSN = {1066-033X},
}

@book{Isermann:1981:DCS:539455,
  author = {Isermann, Rolf},
  title = {Digital Control Systems},
  year = {1981},
  isbn = {0387107282},
  publisher = {Springer-Verlag New York, Inc.},
  address = {Secaucus, NJ, USA},
}

@InProceedings{ast+hagg100, 
  author = "{\AA}str{\"o}m, Karl Johan  and H{\"a}gglund, Tore ",
  address = "Terrassa, Spain",
  booktitle = "IFAC Workshop on Digital Control -- Past, present, and future of {PID} Control",
  title = "Benchmark systems for {PID} control",
  year = 2000
}

@book{Aastrom_Hagglund:1995,
    author = {{AA}str{\"{o}}m, K. J. and H{\"{a}}gglund, T.},
    citeulike-article-id = {8042411},
    edition = {2},
    keywords = {ifac\_safeprocess},
    posted-at = {2010-10-18 12:11:18},
    priority = {2},
    publisher = {Instrument Society of America, Research Triangle Park, NC},
    title = {{PID Controllers: Theory, Design, and Tuning}},
    year = {1995}
}

@article{Chen,
author = {Cheng-Liang Chen},
title = {A simple method for on-line identification and controller tuning},
journal = {Aiche Journal},
volume = {35},
year = {1989},
pages = {2037--2039},
doi = {10.1002/aic.690351215},
masid = {22121983}
}

@article{CohenCoon,
author = {Cohen, G. H. and Coon, G. A.},
title = {Theoretical considerations of retarded control},
journal = {ASME Transactions},
volume = {75},
year = {1953},
pages = {827--834}
}




@Misc{VulnDev,
  Author         = {{Vulnerability Development}},
  Title          = {Vulnerability Development},
  HowPublished   = {URL: http://lists.insecure.org/lists/vuln-dev/},
  Note           = {Last visited: 10/02/2003},
  year           = 2003,
}

@Misc{alldas,
  Author         = {{Defaced Sites}},
  Title          = {Defaced Sites},
  HowPublished   = {URL: http://lists.insecure.org/lists/alldas/},
  Note           = {Last visited: 10/02/2003},
  year           = 2003,
}

@Misc{VulnWatch,
  Author         = {{VulnWatch}},
  Title          = {VulnWatch},
  HowPublished   = {URL: http://lists.insecure.org/lists/vulnwatch/},
  Note           = {Last visited: 10/02/2003},
  year           = 2003,
}

@Misc{VulnDiscuss,
  Author         = {{VulnDiscuss}},
  Title          = {VulnDiscuss},
  HowPublished   = {URL: http://lists.insecure.org/lists/vulndiscuss/},
  Note           = {Last visited: 10/02/2003},
  year           = 2003,
}

@Misc{SecBas,
  Author         = {{Security Basics}},
  Title          = {Security Basics},
  HowPublished   = {URL: http://lists.insecure.org/lists/security-basics/},
  Note           = {Last visited: 10/02/2003},
  year           = 2003,
}

@Misc{FIds,
  Author         = {{IDS Focus}},
  Title          = {IDS Focus},
  HowPublished   = {URL: http://lists.insecure.org/lists/focus-ids/},
  Note           = {Last visited: 10/02/2003},
  year           = 2003,
}

@Misc{FiWi,
  Author         = {{Firewall Wizards}},
  Title          = {Firewall Wizards},
  HowPublished   = {URL: http://lists.insecure.org/lists/firewall-wizards/},
  Note           = {Last visited: 10/02/2003},
  year           = 2003,
}

@Misc{incidents,
  Author         = {{Incidents}},
  Title          = {Incidents},
  HowPublished   = {URL: http://lists.insecure.org/lists/incidents/},
  Note           = {Last visited: 10/02/2003},
  year           = 2003,
}

@Misc{FDisc,
  Author         = {{Full Disclosure}},
  Title          = {Full Disclosure},
  HowPublished   = {URL: http://lists.insecure.org/lists/fulldisclosure/},
  Note           = {Last visited: 10/02/2003},
  year           = 2003,
}

@Misc{MSSEC,
  Author         = {{MS Sec Notification}},
  Title          = {MS Sec Notification},
  HowPublished   = {URL: http://lists.insecure.org/lists/microsoft/},
  Note           = {Last visited: 10/02/2003},
  year           = 2003,
}

@Misc{honeypots,
  Author         = {{Honeypots}},
  Title          = {Honeypots},
  HowPublished   = {URL: http://lists.insecure.org/lists/honeypots/},
  Note           = {Last visited: 10/02/2003},
  year           = 2003,
}

@Article{MAK02,
  Author         = {{Marlon Alves Konrath} and {Josu\'e Sperb} and
                   {eduardo Isaia Filho} and {Luciano Gaspary} and {Liane
                   Tarouco}},
  Title          = {Um {IDS} {B}aseado em {R}ede com suporte \`a
                   especifica\c{c}\~ao em {A}lto {N}\'{\i}vel de
                   assinaturas de ataques},
  Journal        = {Simp\'osio Brasileiro de Redes de Computadores},
  year           = 2002,
}

@Book{GBJD97,
  Author         = {{Gerhard Brewka} and {J\"urgen Dix} and {Kurt
                   Konolige}},
  Title          = {Nonmonotonic reasoning: an overview},
  Publisher      = {CLSI publications},
  year           = 1997,
}

@Book{Davis90,
  Author         = "Ernest Davis",
  Title          = "Representations of Commansense Knowledge",
  Publisher      = "Morgan Kaufmann",
  year           = 1990,
}

@Book{NFSandNIS00,
  Author         = "Hal Stern and Mike Eisler and Ricardo Labiaga",
  Title          = "Managing NFS and NIS",
  Publisher      = "O'Reilly",
  year           = 2001,
}

@TechReport{Venturin,
  Author         = {{Eduardo Venturin Linhalis}},
  Title          = {Avaliação da segurança interna de uma rede corporativa},
  Institution    = {Departamento de Inform\'atica - UFES},
  Address        = {Vit\'oria - ES, Brasil},
  year           = 2001,
}

@Book{Sendmail,
  Author         = "Bryan Costales and Eric Allman",
  Title          = "Sendmail",
  Publisher      = "O'Really",
  year           = 1997,
}

@Book{CLH88,
  Author         = {{Charles L. Hedrick}},
  Title          = {Introduction to the {I}nternet {P}rotocols},
  Publisher      = {The State University of New Jersey},
  year           = 1988,
}

@Book{Silberchatz99,
  Author         = "Abraham Silverchatz and Henry F. Korth",
  Title          = "Sistema de Banco de Dados",
  Publisher      = "Makron Books",
  Year           = 1999,}
